<?xml version="1.0" encoding="UTF-8"?><collection xmlns="http://www.loc.gov/MARC21/slim"><record><leader>00434nam--2200181-u-4500</leader><controlfield tag="001">000056686</controlfield><controlfield tag="002">20161230</controlfield><controlfield tag="005">20161230201052</controlfield><controlfield tag="008">160412s1000------------r-----000-0-rus-d</controlfield><datafield ind1=" " ind2=" " tag="040"><subfield code="a">IFIN-HH</subfield></datafield><datafield ind1=" " ind2=" " tag="041"><subfield code="a">rus</subfield></datafield><datafield ind1=" " ind2=" " tag="080"><subfield code="a">531:537.8(075.8)</subfield></datafield><datafield ind1="1" ind2=" " tag="100"><subfield code="a">Ios, G</subfield></datafield><datafield ind1="1" ind2="0" tag="245"><subfield code="a">Kurs teoreticeskoi fiziki</subfield><subfield code="c">G. Ios</subfield></datafield><datafield ind1=" " ind2=" " tag="260"><subfield code="a">Moskva</subfield><subfield code="b">Gosudartsvennoye Ucebno-Pedagogiceskoie</subfield><subfield code="c">1963</subfield></datafield><datafield ind1=" " ind2=" " tag="300"><subfield code="a">579p</subfield></datafield><datafield ind1="1" ind2=" " tag="700"><subfield code="a">Ios, G</subfield></datafield><datafield ind1=" " ind2=" " tag="852"><subfield code="a">9583</subfield></datafield></record></collection>